34100000         248503984000150                    00001 000000010001 5BERH REVENDA                  BANCO ITAU SA                           12908202321382200000004000000                                                      000            
34100011R0100030 2048503984000150                    00001 000000010001 5BERH REVENDA                                                                                                  000000002908202329082023                                 
3410001300001P 0100001 000000010001 5109140000006        000000000000004     3108202300000000014559200000001S29082023031082023000000000000049000000000000000000000000000000000000000000000000000000                         0000000000000000000 
3410001300002Q 012000097117000135RODOLFO CLIENTE LTDA                    RUA DIAS DA SILVA                       VILA MARIA     02114001SAO PAULO      SP0000000000000000                                        000                            
34100015         0000040000010000000000014559200000000000000000000000000000000000000000000000000000000000000000000000000000                                                                                                                     
34199999         000001000006000000                                                                                                                                                                                                             
