01REMESSA01COBRANCA       000100100015        BERH REVENDA                  341BANCO ITAU SA  300823                                                                                                                                                                                                                                                                                                      000001
10248503984000150000100100015    0000                         140000000000000000000109                     I014         31082300000001455923410000001S300823925700000000000490000000000000000000000000000000000000000000000200097117000135RODOLFO CLIENTE LTDA                    RUA DIAS DA SILVA                       VILA MARIA  02114001SAO PAULO      SP                                  00000058 000002
22310820230000000000300                                                                                                                                                                                                                                                                                                                                                                                   000003
9                                                                                                                                                                                                                                                                                                                                                                                                         000004
