34100000         208663497000230                    00001 000000010001 5BERH REVENDA                  BANCO ITAU SA                           10708202322314300000004000000                                                      000            
34100011R0100030 2008663497000230                    00001 000000010001 5BERH REVENDA                                                                                                  000000000708202307082023                                 
3410001300001P 0100001 000000010001 5112009248898        000000000924889     0307202300000000001650000000001S07082023003072023000000000000006000000000000000000000000000000000000000000000000000000                         0000000000000000000 
3410001300002Q 012000097117000135RODOLFO CLIENTE LTDA                    RUA DIAS DA SILVA                       VILA MARIA     02114001SAO PAULO      SP0000000000000000                                        000                            
34100015         0000040000010000000000001650000000000000000000000000000000000000000000000000000000000000000000000000000000                                                                                                                     
34199999         000001000006000000                                                                                                                                                                                                             
